<?xml version="1.0" encoding="UTF-8"?><collection xmlns="http://www.loc.gov/MARC21/slim"><record><leader>00633nam--2200205-i-4500</leader><controlfield tag="001">000024454</controlfield><controlfield tag="002">20161230</controlfield><controlfield tag="005">20161230201035</controlfield><controlfield tag="008">060222s1000------------r-----000-0-eng-d</controlfield><datafield ind1=" " ind2=" " tag="020"><subfield code="a">9027708975</subfield></datafield><datafield ind1=" " ind2=" " tag="040"><subfield code="a">IFIN-HH</subfield></datafield><datafield ind1=" " ind2=" " tag="080"><subfield code="a">538.91:5348.736.64</subfield></datafield><datafield ind1="1" ind2=" " tag="100"><subfield code="a">Wieting, T.J</subfield></datafield><datafield ind1="1" ind2="0" tag="245"><subfield code="a">Electrons and phonons in layered crystal structures</subfield><subfield code="c">T.j. wieting, m. schluter (eds.)</subfield></datafield><datafield ind1=" " ind2=" " tag="260"><subfield code="a">Dordrecht</subfield><subfield code="b">D.Reidel Publishing Company</subfield><subfield code="c">1979</subfield></datafield><datafield ind1=" " ind2=" " tag="300"><subfield code="a">X+474P</subfield></datafield><datafield ind1=" " ind2=" " tag="490"><subfield code="a">Physics And Chemistry Of Materials With Layered Structures</subfield><subfield code="v">Volume 3</subfield></datafield><datafield ind1="1" ind2=" " tag="700"><subfield code="a">Schulter,M</subfield><subfield code="e">Ed</subfield></datafield><datafield ind1=" " ind2=" " tag="852"><subfield code="a">70462</subfield><subfield code="c">539.2</subfield></datafield><datafield ind1=" " ind2=" " tag="CAT"><subfield code="a">Sys</subfield><subfield code="c">20121106</subfield><subfield code="h">103129</subfield></datafield></record></collection>